<record><leader>00000cas a22000007a 4500</leader><controlfield tag="001">30569956</controlfield><controlfield tag="008">940608d19071933okuwr ne      0    0eng d</controlfield><datafield ind1=" " ind2=" " tag="010"><subfield code="a">sn 94058868 </subfield></datafield><datafield ind1=" " ind2=" " tag="040"><subfield code="a">OBN</subfield><subfield code="b">eng</subfield><subfield code="c">OBN</subfield><subfield code="d">OCL</subfield><subfield code="d">OCLCQ</subfield><subfield code="d">OCLCF</subfield><subfield code="d">OCLCO</subfield></datafield><datafield ind1="1" ind2=" " tag="029"><subfield code="a">AU@</subfield><subfield code="b">000011126564</subfield></datafield><datafield ind1=" " ind2=" " tag="042"><subfield code="a">msc</subfield></datafield><datafield ind1=" " ind2=" " tag="043"><subfield code="a">n-us-ok</subfield></datafield><datafield ind1="0" ind2="4" tag="245"><subfield code="a">The Okemah ledger.</subfield></datafield><datafield ind1="1" ind2="3" tag="246"><subfield code="a">Okemah weekly ledger</subfield></datafield><datafield ind1=" " ind2=" " tag="260"><subfield code="a">Okemah, Indian Territory [Okla.] :</subfield><subfield code="b">O.C. Gaston</subfield></datafield><datafield ind1=" " ind2=" " tag="300"><subfield code="a">v.</subfield></datafield><datafield ind1=" " ind2=" " tag="310"><subfield code="a">Weekly</subfield></datafield><datafield ind1="1" ind2=" " tag="362"><subfield code="a">Began in Jan. 1907; ceased in July 1933.</subfield></datafield><datafield ind1=" " ind2=" " tag="580"><subfield code="a">Daily edition: Okemah daily leader.</subfield></datafield><datafield ind1=" " ind2=" " tag="588"><subfield code="a">Description based on: Vol. 1, no. 3 (Feb. 14, 1907).</subfield></datafield><datafield ind1=" " ind2="0" tag="651"><subfield code="a">Okemah (Okla.)</subfield><subfield code="v">Newspapers.</subfield></datafield><datafield ind1=" " ind2="0" tag="651"><subfield code="a">Okfuskee County (Okla.)</subfield><subfield code="v">Newspapers.</subfield></datafield><datafield ind1=" " ind2="0" tag="651"><subfield code="a">Indian Territory</subfield><subfield code="v">Newspapers.</subfield></datafield><datafield ind1=" " ind2="7" tag="655"><subfield code="a">Newspapers.</subfield><subfield code="2">fast</subfield><subfield code="0">(OCoLC)fst01423814</subfield></datafield><datafield ind1=" " ind2="7" tag="651"><subfield code="a">Oklahoma</subfield><subfield code="z">Indian Territory.</subfield><subfield code="2">fast</subfield><subfield code="0">(OCoLC)fst01225150</subfield></datafield><datafield ind1=" " ind2="7" tag="651"><subfield code="a">Oklahoma</subfield><subfield code="z">Okemah.</subfield><subfield code="2">fast</subfield><subfield code="0">(OCoLC)fst01220320</subfield></datafield><datafield ind1=" " ind2="7" tag="651"><subfield code="a">Oklahoma</subfield><subfield code="z">Okfuskee County.</subfield><subfield code="2">fast</subfield><subfield code="0">(OCoLC)fst01216112</subfield></datafield><datafield ind1=" " ind2=" " tag="752"><subfield code="a">United States</subfield><subfield code="b">Oklahoma</subfield><subfield code="c">Okfuskee</subfield><subfield code="d">Okemah.</subfield></datafield><datafield ind1="1" ind2=" " tag="775"><subfield code="a">Okemah daily leader</subfield><subfield code="w">(DLC)sn 94058867</subfield></datafield><datafield ind1="0" ind2="4" tag="785"><subfield code="t">Okfuskee County news</subfield><subfield code="w">(DLC)sn 86064116</subfield><subfield code="w">(OCoLC)13686219</subfield></datafield></record>